<record><leader>00000cas a2200000 a 4500</leader><controlfield tag="001">37184398</controlfield><controlfield tag="008">970624c19759999oruwr ne      0    0eng c</controlfield><datafield ind1=" " ind2=" " tag="010"><subfield code="a">sn 96088380 </subfield></datafield><datafield ind1=" " ind2=" " tag="040"><subfield code="a">OCN</subfield><subfield code="b">eng</subfield><subfield code="c">OCN</subfield><subfield code="d">OCLCQ</subfield><subfield code="d">ORU</subfield><subfield code="d">OCLCQ</subfield><subfield code="d">ORU</subfield><subfield code="d">OCLCF</subfield><subfield code="d">OCLCO</subfield></datafield><datafield ind1=" " ind2=" " tag="042"><subfield code="a">pcc</subfield></datafield><datafield ind1=" " ind2=" " tag="043"><subfield code="a">n-us-or</subfield></datafield><datafield ind1="0" ind2=" " tag="130"><subfield code="a">Times-journal (Condon, Or.)</subfield></datafield><datafield ind1="1" ind2="4" tag="245"><subfield code="a">The Times-journal.</subfield></datafield><datafield ind1=" " ind2=" " tag="260"><subfield code="a">Condon, Or. :</subfield><subfield code="b">A.F. Leckie,</subfield><subfield code="c">1975-</subfield></datafield><datafield ind1=" " ind2=" " tag="300"><subfield code="a">v.</subfield></datafield><datafield ind1=" " ind2=" " tag="310"><subfield code="a">Weekly</subfield></datafield><datafield ind1="0" ind2=" " tag="362"><subfield code="a">Vol. 1, no. 1 (Oct. 3, 1975)-</subfield></datafield><datafield ind1=" " ind2=" " tag="530"><subfield code="a">Also issued on microfilm from University of Oregon.</subfield></datafield><datafield ind1=" " ind2=" " tag="530"><subfield code="a">Also available online.</subfield></datafield><datafield ind1=" " ind2=" " tag="588"><subfield code="a">Latest issue consulted: Vol. 22, no. 18 (May 1, 1997).</subfield></datafield><datafield ind1=" " ind2="0" tag="651"><subfield code="a">Gilliam County (Or.)</subfield><subfield code="v">Newspapers.</subfield></datafield><datafield ind1=" " ind2="0" tag="651"><subfield code="a">Wheeler County (Or.)</subfield><subfield code="v">Newspapers.</subfield></datafield><datafield ind1=" " ind2="0" tag="651"><subfield code="a">Condon (Or.)</subfield><subfield code="v">Newspapers.</subfield></datafield><datafield ind1=" " ind2="7" tag="655"><subfield code="a">Newspapers.</subfield><subfield code="2">fast</subfield><subfield code="0">(OCoLC)fst01423814</subfield></datafield><datafield ind1=" " ind2="7" tag="651"><subfield code="a">Oregon</subfield><subfield code="z">Condon.</subfield><subfield code="2">fast</subfield><subfield code="0">(OCoLC)fst01280553</subfield></datafield><datafield ind1=" " ind2="7" tag="651"><subfield code="a">Oregon</subfield><subfield code="z">Gilliam County.</subfield><subfield code="2">fast</subfield><subfield code="0">(OCoLC)fst01228692</subfield></datafield><datafield ind1=" " ind2="7" tag="651"><subfield code="a">Oregon</subfield><subfield code="z">Wheeler County.</subfield><subfield code="2">fast</subfield><subfield code="0">(OCoLC)fst01228497</subfield></datafield><datafield ind1=" " ind2=" " tag="752"><subfield code="a">United States</subfield><subfield code="b">Oregon</subfield><subfield code="c">Gilliam</subfield><subfield code="d">Condon.</subfield></datafield><datafield ind1="0" ind2="4" tag="780"><subfield code="t">Fossil journal</subfield><subfield code="w">(DLC)sn 92061630</subfield><subfield code="w">(OCoLC)24947181</subfield></datafield><datafield ind1="0" ind2="4" tag="780"><subfield code="t">Condon globe-times</subfield><subfield code="w">(DLC)sn 96088378</subfield><subfield code="w">(OCoLC)37184367</subfield></datafield><datafield ind1="4" ind2="1" tag="856"><subfield code="u">http://www.smalltownpapers.com/newspapers/newspaper.php?id=386</subfield><subfield code="z">SmallTownPapers</subfield></datafield><datafield ind1="4" ind2="1" tag="856"><subfield code="u">http://www.fold3.com/search.php?interface=not-ocr&amp;query[0]=Condon+the+Times-journal&amp;nav=0</subfield><subfield code="z">Fold3</subfield></datafield><datafield ind1="4" ind2="1" tag="856"><subfield code="u">http://news.google.com/newspapers?nid=d3xjRt2Mi1YC&amp;dat=20031231&amp;b_mode=2&amp;hl=en</subfield><subfield code="z">Google News Archive</subfield></datafield></record>